%% =====================================================
%% Documento:  Referências - Bibliografia
%% Arquivo:    a15-referencias.bib
%% =====================================================

%% =====================================================
%% IMPORTANTE!!
%% A acentuação neste arquivo deve ser feita por comandos:
%% Exemplo: Para escrever Ártico, utilize \'{A}rtico
%% Isso garante a ordem alfabética.
%% =====================================================

%% Exemplo de como colocar um livro


@manual{ref1,
organization={AGÊNCIA NACIONAL DE TELECOMUNICAÇÕES (Brasil)},
title={Resolução nº 67, de 12 de novembro de 1998.},
url={http://legislacao.anatel.gov.br/resolucoes/13-1998/168-resolucao-67},
year={2010},
urlaccessdate={27 mai. 2013}}

@manual{ref2,
organization={AGÊNCIA NACIONAL DE TELECOMUNICAÇÕES (Brasil)},
title={SRD - SISTEMA DE CONTROLE DE RADIODIFUSÃO.},
url={http://sistemas.anatel.gov.br/srd},
year={2013},
urlaccessdate={27 mai. 2013}}

@manual{ref3,
organization={AGÊNCIA NACIONAL DE TELECOMUNICAÇÕES (Brasil)},
title={Portal ANATEL.},
url={http://www.anatel.gov.br/Portal/},
year={2013},
urlaccessdate={27 mai. 2013}}

@manual{ref4,
organization={UNIÃO INTERNACIONAL DE TELECOMUNICAÇÕES: SETOR DE RADIOCOMUNICAÇÕES.},
title={Recomendação P.1546 -1: Médoto de previsões ponto-área para serviços terrestres na
faixa de frequências de 30 a 3000MHz .},
url={http://sistemas.anatel.gov.br/siganatel/},
year={2013},
urlaccessdate={27 mai. 2013}}


@manual{google,
organization={Google Maps.},
title={Localização da base do sistema irradiante. São Pedro de Alcantara - 2013},
url={https://maps.google.com.br/},
year={2013},
urlaccessdate={03 jun. 2013}}

%% Exemplo de como colocar um artigo de jornal sem autor

%% Exemplo de como colocar um artigo de jornal com autor
@article{ref10,
author={Nome Autor},
address={São Paulo},
journal={A Folha de S.~Paulo},
month={7 set.},
pages={11-23},
title={Título do artigo},
year={1995}
}

%% Exemplo de como colocar um artigo de revista sem autor
@article{ref14,
address={Rio de Janeiro},
journal={Nome da revista},
month={jan.},
number={35},
pages={51-60},
title={T\'{\i}tulo do Artigo},
year={1987}}

%% Mais um exemplo de como colocar um livro, mas com subtítulo
@book{ref5,
address={São Paulo},
author={Nome Autor},
publisher={Editora},
subtitle={Subtítudo, que vem depois de dois pontos},
title={Título},
year={1995}}

%% Mais um exemplo de como colocar um livro, mas indicando as páginas.
@book{ref6,
pages={101-114},
author={Outro Nome},
title={Algum nome},
year={1978}}

%% Mais um exemplo de como colocar um livro, mas com vários autores.
@book{ref7,
author={X. Y. Z. Evans and Outro Autor and Mais Um and W. S. Caule},
title={Exemplo de citação no texto},
year={1987}}

%% Um exemplo de como citar um manual de algum grupo ou organização, obtido na internet.
@manual{ref8,
author={X. Y. Silva},
organization={Grupo de Desenvolvimento Imaginário},
title={T\'{\i}tulo de exemplo},
url={http://nomedodominio.com.br},
year={2003},
urlaccessdate={8 mar. 1999}}

%% Um exemplo de como citar o texto de alguma página da internet sem autor
@article{ref9,
title={Conceitos criados como exemplo},
url={http://nomedodominio.com.br},
year={2003},
urlaccessdate={8 mar. 1999}}

%% sanches
@book{sanches,
  title = {Projetos de Sistemas de Rádio},
  publisher = {Érica},
  year = {2006},
  author = {E. M. Miyoshi and C.A. Sanches},
  address = {São Paulo},
  edition = {3}}

@book{paulo,
  title = {Cálculo de Viabilidade Técnica de um Canal de Televisão Digital},
  publisher = {FURB},
  year = {2010},
  author = {P. A. RÉGIS},
  address = {Blumenal}}


%%%%%%%%%%%%%%%%%%%%%%%%%%%%%%%%%%%%%%%%%%%%%%%%%%%%%
% Modelo para escrever TCCs, dissertações e teses utilizando LaTeX, ABNTeX e BibTeX
% Autor/E-Mail: Robinson Alves Lemos/contato@robinson.mat.br/robinson.a.l@bol.com.br
% Data: 19/04/2008 
% Colaboradore(s)/E-Mail(s):
% Caso queira colaborar, entre em contato pelo e-mail e informe alterações que realizou.
%%%%%%%%%%%%%%%%%%%%%%%%%%%%%%%%%%%%%%%%%%%%%%%%%%%%%
